%%% ====================================================================
%%%  BibTeX-file{
%%%     author          = "Sushant Atahley",
%%%     version         = "1.0",
%%%     date            = "10/8/2017",
%%%     filename        = "report.bib",
%%%     email           = "sathaley at iu.edu",
%%%     keywords        = "big data hadopp mangodb",
%%%     supported       = "yes",
%%%     docstring       = "This BibTeX database file contains references to the %%% Hadoop and Mongodb in support of big data applications"
%%%  }
%%% ====================================================================

@Misc{www-restaurant,
  author       = {National Resturant Association},
  title        = {Big Data and Restaurants: Something to Chew On},
  howpublished = {Web},
  month        = {11},
  year         = {2014},
  journal      = {National Resturant Association},
  timestamp    = {11/4/2014},
  url          = {https://www.restaurant.org/Downloads/PDFs/BigData},
}
