%%% ====================================================================
%%%  BibTeX-file{
%%%     author          = "Sushant Atahley",
%%%     version         = "1.0",
%%%     date            = "9/23/2017",
%%%     filename        = "report.bib",
%%%     email           = "sathaley at iu.edu",
%%%     keywords        = "big data returant",
%%%     supported       = "yes",
%%%     docstring       = "This BibTeX database file contains references to the %%% big data application in restaurant"
%%%  }
%%% ====================================================================

@Misc{www-restaurant,
  author       = {National Resturant Association},
  title        = {Big Data and Restaurants: Something to Chew On},
  howpublished = {Web},
  month        = {11},
  year         = {2014},
  journal      = {National Resturant Association},
  timestamp    = {11/4/2014},
  url          = {https://www.restaurant.org/Downloads/PDFs/BigData},
}

@Article{KooserAmandaC.2013BD,
  author   = {Kooser, Amanda C.},
  title    = {BIG DATA.},
  journal  = {Restaurant Business},
  year     = {2013},
  volume   = {112},
  number   = {9},
  pages    = {24--31},
  month    = {September},
  issn     = {00978043},
  abstract = {The article focuses on rise in the usage of big data, a collection of large data sets, by restaurants in the U.S. for effective business management. It discusses the benefits of using big data which include menu analysis, reducing labor costs, analyzing server productivity and profiling individual customers. It mentions the effectiveness of big data usage for big restaurant chains and discusses the usage of the Cognos business intelligence software by the restaurant chain Zaxby's.},
  keywords = {RESTAURANT management ; BIG data ; RESTAURANTS -- United States ; RESTAURANT menus ; MENU planning ; LABOR costs ; CHAIN restaurants ; BUSINESS intelligence -- Software ;},
  language = {eng},
}

@Article{2015MaMV,
  title     = {MyCheck and Marketing Vitals Announce Integration of Big Data Restaurant Analytics and Mobile Payment Technology Platforms},
  journal   = {Marketing Weekly News},
  year      = {2015},
  month     = {October},
  issn      = {1944-2424},
  keywords  = {Marketing ; Restaurants ; Big Data},
  language  = {eng},
  publisher = {NewsRX LLC},
}

@Article{THORNBRET2017Tsbo,
  author   = {THORN, BRET},
  title    = {Taking small bites of big data.},
  journal  = {Nation's Restaurant News},
  year     = {2017},
  volume   = {51},
  number   = {8},
  pages    = {15--16},
  month    = {May},
  issn     = {00280518},
  abstract = {The article relates the statements of Jeff Amoscato, vice president of supply chain and menu innovation at Shake Shack Inc., Alan Smith, vice president of client services for ArrowStream, and Yi Chen, vice president of product for Toast, about the use of big data by restaurant operators to manage food costs. According to them, restaurants can manage their most important costs without suffering from data overload.},
  keywords = {INFORMATION technology ; RESTAURANTS ; BIG data ; SMITH, Alan ; YI Chen ;},
  language = {eng},
}

@Misc{www-restaurant-challenges,
  title     = {Restaurant industry to navigate continued challenges in 2016},
  month     = {02},
  year      = {2016},
  timestamp = {2017-02-17},
  url       = {http://www.restaurant.org/News-Research/News/Restaurant-industry-to-navigate-continued-challeng},
}

@Misc{www-qsr,
  author = {John Morell},
  title  = {Get a Grip on Big Data},
  month  = {may},
  year   = {2013},
  url    = {https://www.qsrmagazine.com/operations/get-grip-big-data},
}

@Article{JENNINGSLISA2015Mbds,
  author   = {JENNINGS, LISA},
  title    = {Making big data small.},
  journal  = {Nation's Restaurant News},
  year     = {2015},
  volume   = {49},
  number   = {7},
  pages    = {22--23},
  month    = {May},
  issn     = {00280518},
  abstract = {The article looks into the technology and digital efforts and strategies of restaurant operators that lead to a better understanding of customers. Topics discussed are the digital tools used by operators such as third-party guest intelligence and social media to keep notes of regular customers and their preferences, customer loyalty programs that can inform more targeted marketing efforts, and point-of-sale (POS) system as a source for data integration.},
  keywords = {RESTAURANTS ; CUSTOMER services ; CONSUMERS' preferences ; CUSTOMER loyalty ; POINT-of-sale systems ; DIGITAL technology ;},
  language = {eng},
}

@Misc{www-bostonglobe,
  author       = {Nicole Torres},
  title        = {How restaurants know what you want to eat before you do},
  howpublished = {FOOD and DRINK INC. | MAGAZINE},
  month        = {May},
  year         = {2016},
  timestamp    = {2016/05/26},
  url          = {https://www.bostonglobe.com/magazine/2016/05/26/how-restaurants-know-what-you-want-eat-before-you/hnZHM3xCkL1BhX0PKL3tmM/story.html},
}

@Misc{www-forbes,
  author    = {Bernard Marr},
  title     = {Big Data At Dickey's Barbecue Pit: How Analytics Drives Restaurant Performance},
  month     = {Jun},
  year      = {2015},
  note      = {Forbes Article},
  timestamp = {2015-06-02},
  url       = {https://www.forbes.com/sites/bernardmarr/2015/06/02/big-data-at-dickeys-barbecue-pit-how-analytics-drives-restaurant-performance/},
}

@article{2015BDLC,
journal = "FastCasual.com",
publisher = "Networld Media Group",
year = "2015",
title = "Big Data's Last Crusade: Restaurants still slow to embrace smart technology",
language = "eng",
keywords = "Software Industry ; Restaurant Industry ; Big Data",
month = "May",
}

@Misc{www-foodnewsfeed,
  author = {Dev Ganesan},
  title  = {How Big Data Technologies Are Revolutionizing Restaurant Marketing},
  month  = {Feb},
  year   = {2015},
  url    = {https://www.foodnewsfeed.com/fsr/vendor-bylines/how-big-data-technologies-are-revolutionizing-restaurant-marketing},
}

@Misc{www-fishbowl,
  url = {https://www.fishbowl.com},
}

@Misc{www-buss,
  month     = {Sept},
  year      = {2015},
  timestamp = {2015-09-16},
  url       = {http://www.businesswire.com/news/home/20150916005807/en/MyCheck-Marketing-Vitals-Announce-Integration-Big-Data},
}

@Misc{www-upserve,
  url = {https://upserve.com},
}
